<?xml version="1.0" encoding="UTF-8"?><collection xmlns="http://www.loc.gov/MARC21/slim"><record><leader>00559nam--2200181-u-4500</leader><controlfield tag="001">000054800</controlfield><controlfield tag="002">20161230</controlfield><controlfield tag="005">20161230201051</controlfield><controlfield tag="008">120614s1000------------r-----000-0-fre-d</controlfield><datafield ind1=" " ind2=" " tag="040"><subfield code="a">IFIN-HH</subfield></datafield><datafield ind1=" " ind2=" " tag="041"><subfield code="a">fre</subfield></datafield><datafield ind1=" " ind2=" " tag="080"><subfield code="a">539.172.5(043)</subfield></datafield><datafield ind1="1" ind2=" " tag="100"><subfield code="a">Wuthrick, M.J.P</subfield></datafield><datafield ind1="1" ind2="0" tag="245"><subfield code="a">Etude des etats fials a deux pi0 dans les reactions kp-lambda0+ neutres, pour une impulsion de k- variant entre 0.52 et 0,9 gev/c</subfield><subfield code="b">These</subfield><subfield code="c">M.j.p. wuthrick</subfield></datafield><datafield ind1=" " ind2=" " tag="260"><subfield code="a">Paris</subfield><subfield code="b">Universite</subfield><subfield code="c">1974</subfield></datafield><datafield ind1=" " ind2=" " tag="300"><subfield code="a">161P.+PL</subfield></datafield><datafield ind1=" " ind2=" " tag="852"><subfield code="a">43349</subfield><subfield code="c">539.17</subfield></datafield><datafield ind1=" " ind2=" " tag="CAT"><subfield code="a">Sys</subfield><subfield code="c">20120614</subfield><subfield code="h">123948</subfield></datafield></record></collection>